<?xml version="1.0" encoding="UTF-8"?><collection xmlns="http://www.loc.gov/MARC21/slim"><record><leader>00445nam--2200133-i-4500</leader><controlfield tag="001">000049890</controlfield><controlfield tag="002">20161230</controlfield><controlfield tag="005">20161230201047</controlfield><controlfield tag="008">060222s1000------------r-----000-0-eng-d</controlfield><datafield ind1=" " ind2=" " tag="080"><subfield code="a">681.3.06</subfield></datafield><datafield ind1=" " ind2=" " tag="100"><subfield code="a">Afanaseva, G.S</subfield></datafield><datafield ind1=" " ind2=" " tag="245"><subfield code="a">Sistema centralizovannoi podgotovki alfavitno cifrovyh dannyh na baze es evm i displeinyh kompleksov. izdanie 2-e, pererabotannoe i dopolnennoe</subfield></datafield><datafield ind1=" " ind2=" " tag="260"><subfield code="a">Moskva, Finansy I Staticheska, 1985, 324s</subfield></datafield><datafield ind1=" " ind2=" " tag="852"><subfield code="a">72948</subfield></datafield></record></collection>